@inproceedings{andriluka2009pictorial,
  title={Pictorial structures revisited: People detection and articulated pose estimation},
	author={Andriluka, Mykhaylo and Roth, Stefan and Schiele, Bernt},
	booktitle={IEEE Conference on Computer Vision and Pattern Recognition},
	pages={1014--1021},
	year={2009},
	organization={IEEE}
}
@article{simonyan2014very,
 	title={Very Deep Convolutional Networks for Large-Scale Image Recognition},
	author={Simonyan, Karen and Zisserman, Andrew},
	journal={Computer Science},
	year={2014},
}
@InProceedings{mishkin2015all,
   	author = {Mishkin, D. and Matas, J.},
	title = "{All you need is a good init}",
	booktitle = {International Conference on Learning Representations},
	year = 2016,
	month = may
}
@inproceedings{ioffe2015batch,
	title={{Batch Normalization: Accelerating deep network training by reducing internal covariate shift}},
	author={Ioffe, Sergey and Szegedy, Christian},
	booktitle={International Conference on Machine Learning},
	year={2015},
	page={448-456}
}
@inproceedings{deng2009imagenet,
	title={{ImageNet: A large-scale hierarchical image database}},
	author={Deng, Jia and Dong, Wei and Socher, Richard and Li, Li-Jia and Li, Kai and Fei-Fei, Li},
	booktitle={IEEE Conference on Computer Vision and Pattern Recognition},
	pages={248--255},
	year={2009},
	organization={IEEE}
}
@inproceedings{vaswani2017attention,
	title={Attention is all you need},
	author={Vaswani, Ashish and Shazeer, Noam and Parmar, Niki and Uszkoreit, Jakob and Jones, Llion and Gomez, Aidan N and Kaiser, {\L}ukasz and Polosukhin, Illia},
	booktitle={Neural Information Processing Systems},
	pages={5998--6008},
	year={2017}
}
@inproceedings{erhan2014scalable,
  	title={Scalable object detection using deep neural networks},
	author={Erhan, Dumitru and Szegedy, Christian and Toshev, Alexander and Anguelov, Dragomir},
	booktitle={IEEE Conference on Computer Vision and Pattern Recognition},
	pages={2147--2154},
	year={2014}
}
@article{ILSVRC15,
	Author = {Olga Russakovsky and Jia Deng and Hao Su and Jonathan Krause and Sanjeev Satheesh and Sean Ma and Zhiheng Huang and Andrej Karpathy and Aditya Khosla and Michael Bernstein and Alexander C. Berg and Li Fei-Fei},
	Title = {{ImageNet Large Scale Visual Recognition Challenge}},
	Year = {2015},
	journal   = {International Journal of Computer Vision},
	doi = {10.1007/s11263-015-0816-y},
	volume={115},
	number={3},
	pages={211-252}
}
@inproceedings{misra2016cross,
	title={Cross-stitch networks for multi-task learning},
	author={Misra, Ishan and Shrivastava, Abhinav and Gupta, Abhinav and Hebert, Martial},
	booktitle={IEEE Conference on Computer Vision and Pattern Recognition},
	pages={3994--4003},
	year={2016}
}
@article{mnih2014recurrent,
	title={Recurrent models of visual attention},
	author={Mnih, Volodymyr and Heess, Nicolas and Graves, Alex and others},
	booktitle={Neural Information Processing Systems},
	pages={2204--2212},
	volume={3},
	year={2014}
}
@article{ba2014multiple,
	title={Multiple Object Recognition with Visual Attention},
	author={Ba, Jimmy and Mnih, Volodymyr and Kavukcuoglu, Koray},
	journal={Computer Science},
	year={2014},
}
@inproceedings{wang2017residual,
	title={Residual attention network for image classification},
	author={Wang, Fei and Jiang, Mengqing and Qian, Chen and Yang, Shuo and Li, Cheng and Zhang, Honggang and Wang, Xiaogang and Tang, Xiaoou},
	booktitle={IEEE Conference on Computer Vision and Pattern Recognition},
	pages={3156--3164},
	year={2017}
}
@article{felzenszwalb2010object,
	title={Object detection with discriminatively trained part-based models},
	author={Felzenszwalb, Pedro F and Girshick, Ross B and McAllester, David and Ramanan, Deva},
	journal={IEEE Transactions on Pattern Analysis and Machine Intelligence},
	volume={32},
	number={9},
	pages={1627--1645},
	year={2010},
	publisher={IEEE}
}
@inproceedings{redmon2016you,
	title={{You Only Look Once: Unified, real-time object detection}},
	author={Redmon, Joseph and Divvala, Santosh and Girshick, Ross and Farhadi, Ali},
	booktitle={IEEE Conference on Computer Vision and Pattern Recognition},
	pages={779--788},
	year={2016}
}
@inproceedings{alex2012alexnet,
	author = {Krizhevsky, Alex and Sutskever, Ilya and E. Hinton, Geoffrey},
	month = {01},
	title = {{ImageNet classification with deep convolutional neural networks}},
	volume = {25},
	booktitle={Neural Information Processing Systems},
	pages={1097--1105},
	year={2012}
}
@inproceedings{liu2016ssd,
	title={{SSD: Single Shot Multibox Detector}},
	author={Liu, Wei and Anguelov, Dragomir and Erhan, Dumitru and Szegedy, Christian and Reed, Scott and Fu, Cheng-Yang and Berg, Alexander C},
	booktitle={European Conference on Computer Vision},
	pages={21--37},
	year={2016}
}
@article{felzenszwalb2005pictorial,
	title={Pictorial structures for object recognition},
	author={Felzenszwalb, Pedro F and Huttenlocher, Daniel P},
	journal={International Journal of Computer Vision},
	volume={61},
	number={1},
	pages={55--79},
	year={2005}
}
@article{chen2014articulated,
	title={Articulated pose estimation by a graphical model with image dependent pairwise relations},
	author={Chen, Xianjie and Yuille, Alan L},
	booktitle={Neural Information Processing Systems},
	pages={1736--1744},
	year={2014}
}
@inproceedings{toshev2014deeppose,
	title={{DeepPose: Human pose estimation via deep neural networks}},
	author={Toshev, Alexander and Szegedy, Christian},
	booktitle={IEEE Conference on Computer Vision and Pattern Recognition},
	pages={1653--1660},
	year={2014}
}
@article{tompson2014joint,
	title={Joint training of a convolutional network and a graphical model for human pose estimation},
	author={Tompson, Jonathan J and Jain, Arjun and LeCun, Yann and Bregler, Christoph},
	booktitle={Neural Information Processing Systems},
	pages={1799--1807},
	year={2014}
}
@inproceedings{wei2016convolutional,
	title={Convolutional pose machines},
	author={Wei, Shih-En and Ramakrishna, Varun and Kanade, Takeo and Sheikh, Yaser},
	booktitle={IEEE Conference on Computer Vision and Pattern Recognition},
	pages={4724--4732},
	year={2016}
}
@inproceedings{newell2016stacked,
	title={Stacked Hourglass Networks for Human Pose Estimation},
	author={Newell, Alejandro and Yang, Kaiyu and Deng, Jia},
	booktitle={European Conference on Computer Vision},
	pages={483--499},
	year={2016}
}
@inproceedings{fang2017rmpe,
	title={{RMPE: Regional multi-person pose estimation}},
	author={Fang, Hao-Shu and Xie, Shuqin and Tai, Yu-Wing and Lu, Cewu},
	booktitle={IEEE International Conference on Computer Vision},
	pages={2334--2343},
	year={2017}
}


@article{Carreira2015Human,
	title={Human Pose Estimation with Iterative Error Feedback},
	author={Carreira, Joao and Agrawal, Pulkit and Fragkiadaki, Katerina and Malik, Jitendra},
	booktitle={IEEE Conference on Computer Vision and Pattern Recognition},
	volume={2013},
	number={2013},
	pages={4733-4742},
	year={2015},
}
@inproceedings{Belagiannis2017Recurrent,
	title={Recurrent Human Pose Estimation},
	author={Belagiannis, Vasileios and Zisserman, Andrew},
	booktitle={IEEE International Conference on Automatic Face \& Gesture Recognition},
	pages={468-475},
	year={2017},
}
@inproceedings{lin2014microsoft,
	title={{Microsoft COCO: Common objects in context}},
	author={Lin, Tsung-Yi and Maire, Michael and Belongie, Serge and Hays, James and Perona, Pietro and Ramanan, Deva and Doll{\'a}r, Piotr and Zitnick, C Lawrence},
	booktitle={European Conference on Computer Vision},
	pages={740--755},
	year={2014}
}
@mastersthesis{zhu2004recall,
	title={Recall, precision and average precision},
	author={Zhu, Mu},
	school={Department of Statistics and Actuarial Science, University of Waterloo, Waterloo},
	year={2004},
}
@inproceedings{luo2016understanding,
	title={Understanding the effective receptive field in deep convolutional neural networks},
	author={Luo, Wenjie and Li, Yujia and Urtasun, Raquel and Zemel, Richard},
	booktitle={Neural Information Processing Systems},
	pages={4898--4906},
	year={2016}
}
@inproceedings{ruggero2017benchmarking,
	title={Benchmarking and error diagnosis in multi-instance pose estimation},
	author={Ruggero Ronchi, Matteo and Perona, Pietro},
	booktitle={IEEE International Conference on Computer Vision},
	pages={369--378},
	year={2017}
}
@inproceedings{yosinski2015understanding,
	title={Understanding neural networks through deep visualization},
	Author = {Jason Yosinski and Jeff Clune and Anh Nguyen and Thomas Fuchs and Hod Lipson},
	Booktitle = {Deep Learning Workshop, International Conference on Machine Learning},
	Title = {Understanding Neural Networks Through Deep Visualization},
	Year = {2015}}
}
@article{10.1093/nsr/nwx106,
	author = {Zhou, Zhi-Hua},
	title = "{A brief introduction to weakly supervised learning}",
	journal = {National Science Review},
	volume = {5},
	number = {1},
	pages = {44-53},
	year = {2017},
	month = {08},
	issn = {2095-5138},
	doi = {10.1093/nsr/nwx106},
	eprint = {http://oup.prod.sis.lan/nsr/article-pdf/5/1/44/24164438/nwx106.pdf},
}
\left( 
@inproceedings{andriluka20142d,
	title={{2D human pose estimation: New benchmark and state of the art analysis}},
	author={Andriluka, Mykhaylo and Pishchulin, Leonid and Gehler, Peter and Schiele, Bernt},
	booktitle={IEEE Conference on Computer Vision and Pattern Recognition},
	pages={3686--3693},
	year={2014}
}
@inproceedings{Cao2016Realtime,
  	title={{Realtime multi-person 2D pose estimation using part affinity fields}},
	author={Cao, Zhe and Simon, Tomas and Wei, Shih-En and Sheikh, Yaser},
	booktitle={IEEE Conference on Computer Vision and Pattern Recognition},
	pages={7291--7299},
	year={2017}
}
@article{liang2019look,
	title={Look into person: Joint body parsing \& pose estimation network and a new benchmark},
	author={Liang, Xiaodan and Gong, Ke and Shen, Xiaohui and Lin, Liang},
	journal={IEEE Transactions on Pattern Analysis and Machine Intelligence},
	volume={41},
	number={4},
	pages={871--885},
	year={2019},
	publisher={IEEE}
}
@inproceedings{Newell2017Associative,
	title={Associative embedding: End-to-end learning for joint detection and grouping},
	author={Newell, Alejandro and Huang, Zhiao and Deng, Jia},
	booktitle={Neural Information Processing Systems},
	pages={2277--2287},
	year={2017}
}
@inproceedings{Pishchulin2016DeepCut,
	title={{DeepCut: Joint subset partition and labeling for multi person pose estimation}},
	author={Pishchulin, Leonid and Insafutdinov, Eldar and Tang, Siyu and Andres, Bjoern and Andriluka, Mykhaylo and Gehler, Peter and Schiele, Bernt},
	booktitle={IEEE Conference on Computer Vision and Pattern Recognition},
	pages={4929-4937},
	year={2016},
}
@article{Insafutdinov2016DeeperCut,
	title={{DeeperCut: A deeper, stronger, and faster multi-person pose estimation model}},
	author={Insafutdinov, Eldar and Pishchulin, Leonid and Andres, Bjoern and Andriluka, Mykhaylo and Schiele, Bernt},
	volume={42},
	number={5},
	pages={34-50},
	year={2016},
}
@Misc{fang2017reception,
	howpublished = {\url{https://medium.com/mlreview/a-guide-to-receptive-field-arithmetic-for-convolutional-neural-networks-e0f514068807}},
	year={2017},
	title = {A guide to receptive field arithmetic for Convolutional Neural Networks},
	author = {Dang Ha The Hien}
}
@inproceedings{He2015Deep,
  	title={Deep residual learning for image recognition},
	author={He, Kaiming and Zhang, Xiangyu and Ren, Shaoqing and Sun, Jian},
	booktitle={IEEE Conference on Computer Vision and Pattern Recognition},
	pages={770--778},
	year={2016}
}
@article{Papandreou2017Towards,
	title={Towards Accurate Multi-person Pose Estimation in the Wild},
	author={Papandreou, George and Zhu, Tyler and Kanazawa, Nori and Toshev, Alexander and Tompson, Jonathan and Bregler, Chris and Murphy, Kevin},
	pages={3711-3719},
	year={2017},
}
@inproceedings{He2017Mask,
	title={{Mask R-CNN}},
	author={He, Kaiming and Gkioxari, Georgia and Doll{\'a}r, Piotr and Girshick, Ross},
	booktitle={IEEE International Conference on Computer Vision},
	pages={2961--2969},
	year={2017},
}
@inproceedings{Chen2018Cascaded,
	title={Cascaded pyramid network for multi-person pose estimation},
	author={Chen, Yilun and Wang, Zhicheng and Peng, Yuxiang and Zhang, Zhiqiang and Yu, Gang and Sun, Jian},
	booktitle={IEEE Conference on Computer Vision and Pattern Recognition},
	pages={7103--7112},
	year={2018}
}
@inproceedings{gong2018instance,
	title={Instance-level human parsing via part grouping network},
	author={Gong, Ke and Liang, Xiaodan and Li, Yicheng and Chen, Yimin and Yang, Ming and Lin, Liang},
	booktitle={European Conference on Computer Vision},
	pages={770--785},
	year={2018}
}
@InProceedings{Girshick_2014_CVPR,
	author = {Girshick, Ross and Donahue, Jeff and Darrell, Trevor and Malik, Jitendra},
	title = {Rich Feature Hierarchies for Accurate Object Detection and Semantic Segmentation},
	booktitle = {IEEE Conference on Computer Vision and Pattern Recognition},
	month = {June},
	year = {2014}
}
@inproceedings{Girshick2015Fast,
	title={{Fast R-CNN}},
	author={Girshick, Ross},
	booktitle={IEEE International Conference on Computer Vision},
	pages={1440--1448},
	year={2015}
}
}
@inproceedings{Ren2015Faster,
	title={{Faster R-CNN: Towards real-time object detection with region proposal networks}},
	author={Ren, Shaoqing and He, Kaiming and Girshick, Ross and Sun, Jian},
	booktitle={International Conference on Neural Information Processing Systems},
	pages={91-99},
	year={2015},
}
@inproceedings{Lin2016Feature,
  	title={Feature pyramid networks for object detection},
	author={Lin, Tsung-Yi and Doll{\'a}r, Piotr and Girshick, Ross and He, Kaiming and Hariharan, Bharath and Belongie, Serge},
	booktitle={IEEE Conference on Computer Vision and Pattern Recognition},
	pages={2117--2125},
	year={2017}
}
@chapter{Sekii_2018_ECCV,
	author = {Sekii, Taiki},
	title = {Pose Proposal Networks},
	booktitle = {European Conference on Computer Vision},
	month = {September},
	year = {2018},
	month = {09},
	pages = {350-366},
	isbn = {978-3-030-01260-1},
	doi = {10.1007/978-3-030-01261-8_21}
}
@inproceedings{Sun2018Integral,
	title={Integral human pose regression},
	author={Sun, Xiao and Xiao, Bin and Wei, Fangyin and Liang, Shuang and Wei, Yichen},
	booktitle={European Conference on Computer Vision},
	pages={529--545},
	year={2018}
}
@inproceedings{Papandreou2018PersonLab,
	title={{PersonLab: Person pose estimation and instance segmentation with a bottom-up, part-based, geometric embedding model}},
	author={Papandreou, George and Zhu, Tyler and Chen, Liang-Chieh and Gidaris, Spyros and Tompson, Jonathan and Murphy, Kevin},
	booktitle={European Conference on Computer Vision},
	pages={269--286},
	year={2018}
}